@article{jakhar2020artificial,
  title={Artificial intelligence, machine learning and deep learning: definitions and differences},
  author={Jakhar, Deepack and Kaur, Ishmeet},
  journal={Clinical and experimental dermatology},
  volume={45},
  number={1},
  pages={131--132},
  year={2020},
  publisher={Blackwell Publishing Ltd Oxford, UK},
  url={http://onlinelibrary.wiley.com/doi/abs/10.1111/ced.14029}
}

@inproceedings{glazkova2017automatic,
  title={Automatic Text Processing for Historical Research},
  author={Glazkova, Anna and Kruzhinov, Valery and Sokova, Zinaida},
  booktitle={International Conference on Modern Information Technology and IT Education},
  pages={135--146},
  year={2017},
  organization={Springer},
  url={https://link.springer.com/10.1007/978-3-030-78273-3_14}
}

@book{lemberger2019big,
  title={Big Data et Machine Learning-3e {\'e}d.: Les concepts et les outils de la data science},
  author={Lemberger, Pirmin and Batty, Marc and Morel, M{\'e}d{\'e}ric and Raffa{\"e}lli, Jean-Luc},
  year={2019},
  publisher={Dunod}
}

@article{liebeskind2020deep,
  title={Deep learning for period classification of historical Hebrew texts},
  author={Liebeskind, Shmuel and Liebeskind, Chaya},
  journal={Journal of Data Mining \& Digital Humanities},
  volume={2020},
  year={2020},
  publisher={Episciences. org},
  url={https://hal.archives-ouvertes.fr/hal-02324617}
}

@article{perrone2019gasc,
  title={GASC: Genre-aware semantic change for Ancient Greek},
  author={Perrone, Valerio and Palma, Marco and Hengchen, Simon and Vatri, Alessandro and Smith, Jim Q and McGillivray, Barbara},
  journal={CoRR},
  volume={abs/1903.05587},
  pages={56--66},
  year={2019},
  url={http://arxiv.org/abs/1903.05587}
}

@article{matthews2022gender,
  title={Gender and Racial Stereotype Detection in Legal Opinion Word Embeddings},
  author={Matthews, Sean and Hudzina, John and Sepehr, Dawn},
  journal={arXiv preprint arXiv:2203.13369},
  year={2022},
  url={http://arxiv.org/abs/2203.13369}
}

@article{jin2020korean,
  title={Korean historical documents analysis with improved dynamic word embedding},
  author={Jin, KyoHoon and Wi, JeongA and Kang, KyeongPil and Kim, YoungBin},
  journal={Applied Sciences},
  volume={10},
  number={21},
  pages={7939},
  year={2020},
  publisher={MDPI},
  url={http://www.proquest.com/docview/2534072115/abstract/63B38EE3CAE54908PQ/1}
}

@article{di2021latin,
  title={Latin writing styles analysis with Machine Learning: New approach to old questions},
  author={Di Bernardo, Arianna and Poetto, Simone and Sillano, Pietro and Villata, Beatrice and S{\'o}jka, Weronika and Pi{\k{e}}tka-Danilewicz, Zofia and Pranke, Piotr},
  journal={CoRR},
  volume={abs/2109.00601},
  year={2021},
  url={https://arxiv.org/abs/2109.00601}
}

@article{perrone2021lexical,
  title={Lexical semantic change for Ancient Greek and Latin},
  author={Perrone, Valerio and Hengchen, Simon and Palma, Marco and Vatri, Alessandro and Smith, Jim Q and McGillivray, Barbara},
  journal={arXiv preprint arXiv:2101.09069},
  year={2021},
  url={http://arxiv.org/abs/2101.09069}
}

@article{janiesch2021machine,
  title={Machine learning and deep learning},
  author={Janiesch, Christian and Zschech, Patrick and Heinrich, Kai},
  journal={Electronic Markets},
  volume={31},
  number={3},
  pages={685--695},
  year={2021},
  publisher={Springer},
  url={https://link.springer.com/10.1007/s12525-021-00475-2}
}

@article{garg2018word,
  title={Word embeddings quantify 100 years of gender and ethnic stereotypes},
  author={Garg, Nikhil and Schiebinger, Londa and Jurafsky, Dan and Zou, James},
  journal={Proceedings of the National Academy of Sciences},
  volume={115},
  number={16},
  pages={E3635--E3644},
  year={2018},
  publisher={National Acad Sciences},
  url={https://www.pnas.org/doi/full/10.1073/pnas.1720347115}
}
@article{caliskan2017semantics,
  title={Semantics derived automatically from language corpora contain human-like biases},
  author={Caliskan, Aylin and Bryson, Joanna J and Narayanan, Arvind},
  journal={Science},
  volume={356},
  number={6334},
  pages={183--186},
  year={2017},
  publisher={American Association for the Advancement of Science}
}